<record><leader>00000cas a22000007a 4500</leader><controlfield tag="001">13656251</controlfield><controlfield tag="008">860529d19291929nvudn ne      0    0eng d</controlfield><datafield ind1=" " ind2=" " tag="010"><subfield code="a">sn 86076166 </subfield></datafield><datafield ind1=" " ind2=" " tag="040"><subfield code="a">NNX</subfield><subfield code="b">eng</subfield><subfield code="c">NNX</subfield><subfield code="d">OCLCQ</subfield></datafield><datafield ind1=" " ind2=" " tag="042"><subfield code="a">msc</subfield></datafield><datafield ind1="0" ind2="0" tag="245"><subfield code="a">Las Vegas evening review.</subfield></datafield><datafield ind1=" " ind2=" " tag="260"><subfield code="a">Las Vegas, Nev. :</subfield><subfield code="b">F.F. Garside,</subfield><subfield code="c">1929.</subfield></datafield><datafield ind1=" " ind2=" " tag="300"><subfield code="a">1 v. :</subfield><subfield code="b">ill.</subfield></datafield><datafield ind1=" " ind2=" " tag="310"><subfield code="a">Daily (except Sun.)</subfield></datafield><datafield ind1="0" ind2=" " tag="362"><subfield code="a">Vol. 21, no. 11 (Jan. 28, 1929)-v. 21, no. 151 (July 19, 1929).</subfield></datafield><datafield ind1=" " ind2=" " tag="752"><subfield code="a">United States</subfield><subfield code="b">Nevada</subfield><subfield code="c">Clark</subfield><subfield code="d">Las Vegas.</subfield></datafield><datafield ind1="0" ind2="0" tag="780"><subfield code="t">Las Vegas review</subfield><subfield code="w">(DLC)sn 86076165</subfield></datafield><datafield ind1="0" ind2="7" tag="785"><subfield code="t">Las Vegas journal</subfield><subfield code="w">(DLC)sn 86076084</subfield><subfield code="w">(OCoLC)13461940</subfield></datafield><datafield ind1="0" ind2="7" tag="785"><subfield code="t">Las Vegas evening review and journal</subfield><subfield code="w">(DLC)sn 86076167</subfield><subfield code="w">(OCoLC)13656279</subfield></datafield></record>